
@book{rudin1976principles,
  title={Principles of mathematical analysis},
  author={Rudin, Walter and others},
  volume={3},
  year={1976},
  publisher={McGraw-hill New York}
}

@book{georgiev2020multiple,
	title={Multiple Fixed-point Theorems and Applications in the Theory of ODEs, FDEs and PDEs},
	author={Georgiev, Svetlin G and Zennir, Khaled},
	year={2020},
	publisher={CRC Press}
}

@book{carothers2000real,
	title={Real analysis},
	author={Carothers, Neal L},
	year={2000},
	publisher={Cambridge University Press}
}

@article{brouwer1911beweis,
	title={Beweis der Invarianz des n-dimensionalen Gebiets},
	author={Brouwer, Luitzen EJ},
	journal={Mathematische Annalen},
	volume={71},
	number={3},
	pages={305--313},
	year={1911},
	publisher={Springer}
}

@book{walker2012examples,
	title={Examples and theorems in analysis},
	author={Walker, Peter},
	year={2012},
	publisher={Springer Science \& Business Media}
}
